@article{zipunova_higher_codimension,
    author = {Зипунова, Е. В. and Савенков, Е. Б.},
    title = {О моделях диффузной границы для описания динамики объектов высшей коразмерности},
    journal = {Препринты ИПМ им. М. В. Келдыша},
    year = {2020},
    address = {Москва}
}

@article{zipunova_conservative,
    author = {Зипунова, Е. В. and Савенков, Е. Б.},
    title = {Неизотермическая консервативная модель динамики развития канала электрического пробоя типа «диффузной границы»},
    journal = {Препринты ИПМ им. М. В. Келдыша},
    year = {2021},
    address = {Москва}
}

@article{zipunova_thermomechanical,
    author = {Зипунова, Е. В. and Савенков, Е. Б.},
    title = {Феноменологический вывод термомеханической модели развития канала электрического пробоя типа «диффузной границы»},
    journal = {Препринты ИПМ им. М. В. Келдыша},
    year = {2022},
    address = {Москва}
}

@unpublished{zipunova_experiment,
    author = {Зипунова, Е. В. and Кулешов, А. А. and Савенков, Е. Б.},
    title = {Численное исследование модели фазового поля для описания развития канала электрического пробоя в неоднородной среде},
    year = {2024}
}

@unpublished{ponomarev_stability,
    author = {Пономарев, А. С. and Зипунова, Е. В. and Савенков, Е. Б.},
    title = {Устойчивость стационарных решений в модели развития канала электрического пробоя типа «диффузной границы»},
    year = {2024}
}

@unpublished{ponomarev_finite_volumes,
    author = {Пономарев, А. С. and Зипунова, Е. В. and Савенков, Е. Б.},
    title = {Численное \\ исследование обобщения модели развития канала электрического \\ пробоя типа «диффузной границы»},
    year = {2024}
}

@book{vorobiev_dielectric_physics,
    author = {Воробьев, Г. А. and Похолков, Ю. П. and Королев, Ю. Д. and Меркулов, В. И.},
    title = {Физика диэлектриков (область сильных полей)},
    year = {2011},
    address = {Томск}
}

@book{bahvalov_computational_methods,
    author = {Бахвалов, Н. С. and Жидков, Н. П. and Кобельков, Г. М.},
    title = {Численные методы},
    year = {2015},
    address = {Москва}
}

@book{kalitkin_computational_methods,
    author = {Калиткин, Н. Н.},
    title = {Численные методы},
    year = {2011},
    address = {Санкт-Петербург}
}

@article{pitike_dielectric_breakdown,
    author = {Pitike, K. C. and Hong, W.},
    title = "{Phase-field model for dielectric breakdown in solids}",
    journal = {Journal of Applied Physics},
    year = {2014}
}