@article{zipunova_higher_codimension,
	author = {Зипунова, Е. В. and Савенков, Е. Б.},
	title = {О моделях диффузной границы для описания динамики объектов высшей коразмерности},
	journal = {Препринты ИПМ им. М. В. Келдыша},
	number = {122},
	pages = {1--34},
	year = {2020},
	address = {Москва},
	publisher = {ИПМ им. М. В. Келдыша},
	doi = {https://doi.org/10.20948/prepr-2020-122},
	url = {https://library.keldysh.ru/preprint.asp?id=2020-122}
}

@article{zipunova_conservative,
	author = {Зипунова, Е. В. and Савенков, Е. Б.},
	title = {Неизотермическая консервативная модель динамики развития канала электрического пробоя типа «диффузной границы»},
	journal = {Препринты ИПМ им. М. В. Келдыша},
	year = {\linebreak 2021},
	number = {19},
	pages = {1--34},
	address = {Москва},
	publisher = {ИПМ им. М. В. Келдыша},
	doi = {https://doi.org/10.20948/prepr-2021-19},
	url = {https://library.keldysh.ru/preprint.asp?id=2021-19}
}

@article{zipunova_thermomechanical,
	author = {Зипунова, Е. В. and Савенков, Е. Б.},
	title = {Феноменологический вывод термомеханической модели развития канала электрического пробоя типа «диффузной границы»},
	journal = {Препринты ИПМ им. М. В. Келдыша},
	year = {2022},
	number = {31},
	pages = {1--36},
	address = {Москва},
	publisher = {ИПМ им. М. В. Келдыша},
	doi = {https://doi.org/10.20948/prepr-2022-31},
	url = {https://library.keldysh.ru/preprint.asp?id=2022-31}
}

@article{ponomarev_stability,
	author = {Пономарев, А. С. and Зипунова, Е. В. and Савенков, Е. Б.},
	title = {Устойчивость стационарных решений в модели развития канала электрического пробоя типа «диффузной границы»},
	journal = {Препринты ИПМ им. М.В.Келдыша},
	year = {2024},
	number = {73},
	pages = {1--32},
	address = {Москва},
	publisher = {ИПМ им. М. В. Келдыша},
	doi = {https://doi.org/10.20948/prepr-2024-73},
	url = {https://library.keldysh.ru/preprint.asp?id=2024-73}
}

@article{pitike_dielectric_breakdown,
	author = {Pitike, K. C. and Hong, W.},
	title = {Phase-field model for dielectric breakdown in solids},
	journal = {Journal of Applied Physics},
	year = {2014},
	month = {01},
	volume = {115},
	number = {4},
	pages = {044101},
	doi = {10.1063/1.4862929},
	url = {https://doi.org/10.1063/1.4862929}
}

@article{li_time_step,
	author = {Li, Y. and Choi, Y. and Kim, J.},
	title = {Computationally efficient adaptive time step method for the Cahn–Hilliard equation},
	journal = {Computers \& Mathematics with Applications},
	year = {2017},
	volume = {73},
	number = {8},
	pages = {1855--1864},
	doi = {https://doi.org/10.1016/j.camwa.2017.02.021},
	url = {https://www.sciencedirect.com/science/article/pii/S0898122117301001}
}

@article{zhang_time_step,
	author = {Zhang, Zh. and Qiao, Zh.},
	title = {An Adaptive Time-Stepping Strategy for the Cahn-Hilliard Equation},
	journal = {Communications in Computational Physics},
	year = {2012},
	volume = {11},
	number = {4},
	pages = {1261--1278},
	doi = {10.4208/cicp.300810.140411s}
}

@article{lamorgese_flow_modeling,
	author = {Lamorgese, A. G.
	and Molin, D.
	and Mauri, R.},
	title = {Phase Field Approach to Multiphase Flow Modeling},
	journal = {Milan Journal of Mathematics},
	year = {2011},
	month = {12},
	day = {01},
	volume = {79},
	number = {2},
	pages = {597-642},
	doi = {10.1007/s00032-011-0171-6},
	url = {https://doi.org/10.1007/s00032-011-0171-6}
}

@article{kim_fluid_flows,
	author = {Kim, J.},
	title = {Phase-Field Models for Multi-Component Fluid Flows},
	journal = {Com\-mu\-ni\-ca\-tions in Computational Physics},
	year = {2012},
	volume = {12},
	number = {3},
	pages = {613–661},
	DOI = {10.4208/cicp.301110.040811a}
}

@article{xu_hydrodynamics,
	author = {Xu, Z. and Meakin, P. and Tartakovsky, A. M.},
	title = {Diffuse-interface model for smoothed particle hydrodynamics},
	journal = {Physical Review E},
	year = {2009},
	month = {03},
	volume = {79},
	number = {3},
	publisher = {American Physical Society (APS)},
	url = {http://dx.doi.org/10.1103/PhysRevE.79.036702},
	doi = {10.1103/physreve.79.036702},
}

@article{ambati_fracture,
	author = {Ambati, M. and Gerasimov, T. and De Lorenzis, L.},
	title = {A review on phase-field models of brittle fracture and a new fast hybrid formulation},
	journal = {Computational Mechanics},
	year = {2014},
	month = {12},
	volume = {55},
	doi = {10.1007/s00466-014-1109-y}
}

@book{provatas_materials,
	author = {Provatas, Nikolas and Elder, Ken},
	title = {Phase-Field Methods in Materials Science and En\-gi\-neering},
	journal = {Phase-Field Methods in Materials Science and Engineering},
	year = {2010},
	month = {10},
	doi = {10.1002/9783527631520}
}

@article{boettinger_solidification,
	author = {Boettinger, W. and Warren, J. and Beckermann, C. and Karma, A.},
	title = {Phase-Field Simulation of Solidification},
	journal = {Annual Review of Materials Research},
	year = {2002},
	month = {08},
	volume = {32},
	pages = {163-194},
	doi = {10.1146/annurev.matsci.32.101901.155803}
}

@article{cartalade_phase_separation,
	author = {Cartalade, A. and Younsi, A. and Regnier, E. and Schuller, S.},
	title = {Simulations of Phase-field Models for Crystal Growth and Phase Separation},
	journal = {Procedia Materials Science},
	year = {2014},
	month = {12},
	volume = {7},
	pages = {72-78},
	doi = {10.1016/j.mspro.2014.10.010}
}

@article{gransaly_solidification,
	author = {Gránásy, L. and Rátkai, L. and Szállás, A. and Korbuly, B. and Tóth, G. and Környei, L. and Pusztai, T.},
	title = {Phase-Field Modeling of Polycrystalline Solidification: From Needle Crystals to Spherulites -- A Review},
	journal = {Metallurgical and Materials Transactions A},
	year = {2014},
	month = {04},
	volume = {45},
	pages = {1694-1719},
	doi = {10.1007/s11661-013-1988-0}
}

@article{emmerich_crystal,
	author = {Emmerich, H. and Löwen, H. and Wittkowski, R. and Gruhn, T. and Tóth, G. and Tegze, G. and Gránásy, L.},
	title = {Phase-field-crystal models for condensed matter dynamics on atomic length and diffusive time scales: an overview},
	journal = {Advances in Physics},
	year = {2012},
	month = {07},
	volume = {61},
	pages = {665-743},
	doi = {10.1080/00018732.2012.737555}
}

@article{asadi_crystal,
	author = {Asadi, E. and Asle Zaeem, M.},
	title = {A Review of Quantitative Phase-Field Crystal Modeling of Solid–Liquid Structures},
	journal = {JOM},
	year = {2014},
	month = {12},
	volume = {67},
	doi = {10.1007/s11837-014-1232-4}
}

@article{provatas_crystal,
	author={Provatas, N. and Dantzig, J. A. and Athreya, B. and Chan, P. and Stefanovic, P. and Goldenfeld, N. and Elder, K. R.},
	title={Using the phase-field crystal method in the multi-scale modeling of micro\-structure evolution},
	journal={JOM},
	year={2007},
	month={07},
	day={01},
	volume={59},
	number={7},
	pages={83-90},
	doi={10.1007/s11837-007-0095-3},
	url={https://doi.org/10.1007/s11837-007-0095-3}
}