@journal{zipunova_higher_codimension,
    author = {Зипунова, Е. В. and Савенков, Е. Б.},
    title = {О моделях диффузной границы для описания динамики объектов высшей коразмерности},
    year = {2020},
}

@journal{zipunova_conservative,
    author = {Зипунова, Е. В. and Савенков, Е. Б.},
    title = {Неизотермическая консервативная модель динамики развития канала электрического пробоя типа «диффузной границы»},
    journal = {Препринты ИПМ им. М.В. Келдыша},
    year = {2021},
    number = {19},
    pages = {1--34},
    address = {Москва},
    publisher = {ИПМ им. М.В. Келдыша}
}

@journal{zipunova_thermomechanical,
    author = {Зипунова, Е. В. and Савенков, Е. Б.},
    title = {Феноменологический вывод термомеханической модели развития канала электрического пробоя типа «диффузной границы»},
    journal = {Препринты ИПМ им. М.В. Келдыша},
    year = {2022},
    number = {31},
    pages = {1--36},
    address = {Москва},
    publisher = {ИПМ им. М.В. Келдыша}
}

@journal{zipunova_experiment,
    author = {Зипунова, Е. В. and Кулешов, А. А. and Савенков, Е. Б.},
    title = {Численное исследование модели фазового поля для описания развития канала электрического пробоя в неоднородной среде},
    journal = {Сибирский журнал индустриальной математики},
    year = {2024}
}

@book{vorobiev_dielectric_physics,
    author = {Воробьев, Г. А. and Похолков, Ю. П. and Королев, Ю. Д. and Меркулов, В. И.},
    title = {Физика диэлектриков (область сильных полей)},
    type = {Учебное пособие},
    year = {2011},
    address = {Томск},
    publisher = {Изд-во Томского политехнического университета}
}

@book{bahvalov_computational_methods,
    author = {Бахвалов, Н. С. and Жидков, Н. П. and Кобельков, Г. М.},
    title = {Численные методы},
    type = {Электронный ресурс},
    edition = {8-е изд. (эл.).},
    year = {2015},
    address = {Москва},
    publisher = {БИНОМ. Лаборатория знаний}
}

@journal{pitike_dielectric_breakdown,
    author = {Pitike, K. C. and Hong, W.},
    title = "{Phase-field model for dielectric breakdown in solids}",
    journal = {Journal of Applied Physics},
    year = {2014}
}

@journal{lamorgese_flow_modeling,
    author = {Lamorgese, A. G.
    and Molin, D.
    and Mauri, R.},
    title = {Phase Field Approach to Multiphase Flow Modeling},
    journal = {Milan Journal of Mathematics},
    year = {2011},
    month = {12},
    day = {01},
    volume = {79},
    number = {2},
    pages = {597-642}
}

@journal{kim_fluid_flows,
    author = {Kim, J.},
    title = {Phase-Field Models for Multi-Component Fluid Flows},
    journal = {Communications in Computational Physics},
    year = {2012},
    volume = {12},
    number = {3},
    pages = {613–661}
}

@journal{xu_hydrodynamics,
    author = {Xu, Z. and Meakin, P. and Tartakovsky, A. M.},
    title = {Diffuse-interface model for smoothed particle \linebreak hydrodynamics},
    journal = {Physical Review E},
    year = {2009},
    month = {03},
    volume = {79},
    number = {3},
    publisher = {American Physical Society (APS)}
}

@journal{ambati_fracture,
    author = {Ambati, M. and Gerasimov, T. and De Lorenzis, L.},
    title = {A review on phase-field models of brittle fracture and a new fast hybrid formulation},
    journal = {Computational Mechanics},
    year = {2014},
    month = {12},
    volume = {55}
}

@book{provatas_materials,
    author = {Provatas, Nikolas and Elder, Ken},
    title = {Phase-Field Methods in Materials Science and Engineering},
    journal = {Phase-Field Methods in Materials Science and Engineering},
    year = {2010},
    month = {10}
}

@journal{boettinger_solidification,
    author = {Boettinger, W. and Warren, J. and Beckermann, C. and Karma, A.},
    title = {Phase-Field Simulation of Solidification},
    journal = {Annual Review of Materials Research},
    year = {2002},
    month = {08},
    volume = {32},
    pages = {163-194}
}

@journal{cartalade_phase_separation,
    author = {Cartalade, A. and Younsi, A. and Regnier, E. and Schuller, S.},
    title = {Simulations of Phase-field Models for Crystal Growth and Phase Separation},
    journal = {Procedia Materials Science},
    year = {2014},
    month = {12},
    volume = {7},
    pages = {72-78}
}

@journal{gransaly_solidification,
    author = {Gránásy, L. and Rátkai, L. and Szállás, A. and Korbuly, B. and Tóth, G. and Környei, L. and Pusztai, T.},
    title = {Phase-Field Modeling of Polycrystalline Solidification: From Needle Crystals to \linebreak Spherulites -- A Review},
    journal = {Metallurgical and Materials Transactions A},
    year = {2014},
    month = {04},
    volume = {45},
    pages = {1694-1719}
}

@journal{emmerich_crystal,
    author = {Emmerich, H. and Löwen, H. and Wittkowski, R. and Gruhn, T. and Tóth, G. and Tegze, G. and Gránásy, L.},
    title = {Phase-field-crystal models for condensed matter dynamics on atomic length and diffusive time scales: an overview},
    journal = {Advances in Physics},
    year = {2012},
    month = {07},
    volume = {61},
    pages = {665-743}
}

@journal{asadi_crystal,
    author = {Asadi, E. and Asle Zaeem, M.},
    title = {A Review of Quantitative Phase-Field Crystal Modeling of Solid–Liquid Structures},
    journal = {JOM},
    year = {2014},
    month = {12},
    volume = {67}
}

@journal{provatas_crystal,
    author={Provatas, N. and Dantzig, J. A. and Athreya, B. and Chan, P. and Stefanovic, P. and Goldenfeld, N. and Elder, K. R.},
    title={Using the phase-field crystal method in the multi-scale modeling of microstructure evolution},
    journal={JOM},
    year={2007},
    month={07},
    day={01},
    volume={59},
    number={7},
    pages={83-90}
}

@journal{cirstea_elliptic_equations,
    author = {Cirstea, F. and Du, Y.},
    title = {Asymptotic behavior of solutions of semilinear elliptic equations near an isolated singularity},
    journal = {Journal of Functional Analysis},
    year = {2007},
    month = {09},
    pages = {317-346},
    volume = {250}
}

@book{sobolev_functional_analysis,
    author = {Соболев, С. Л.},
    title = {Некоторые применения функционального анализа в математической физике},
    edition = {3-е изд., перераб. и доп.},
    year = {1988},
    address = {Москва},
    publicher = {Наука},
    editor = {О. А. Олейник}
}

@journal{oleynik_biharmonic_equations,
    author = {Олейник, О. А. and Шапошникова, Т. А.},
    title = {О задаче Дирихле для бигармонического уравнения в области, перфорированной вдоль многообразий малой размерности},
    journal = {\linebreak Докл. РАН},
    year = {1996},
    volume = {350},
    number = {6},
    pages = {742-745}
}

@journal{sternin_elliptic_equations,
    author = {Стернин, Б. Ю.},
    title = {Общие краевые задачи для эллиптических уравнений в~области, границей которой служат многообразия различной размерности},
    journal = {Докл. АН СССР},
    year = {1964},
    volume = {159},
    number = {5},
    pages = {992-994}
}

@journal{lewis_quasi_linear,
    author={Lewis, J. L. and Nystr{\"o}m, K.},
    title={Quasi-linear PDEs and low-dimensional sets},
    journal={Journal of the European Mathematical Society},
    year={2018},
    volume={20},
    pages={1689-1746}
}