@JOURNAL{kiam_model,
type = {Препринты ИПМ им. М.В.Келдыша},
booktitle = {Препринты ИПМ им. М.В.Келдыша},
number = {122},
journal = {Препринты ИПМ им. М.В.Келдыша},
address = {Москва},
title = {О моделях диффузной границы для описания динамики объектов высшей коразмерности},
publisher = {ИПМ им. М.В.Келдыша},
year = {2020},
pages = {1--34},
author = {Зипунова, Е.В. and Савенков, Е.Б.},
% doi = {https://doi.org/10.20948/prepr-2020-122},
% crossref = {https://doi.org/10.20948/prepr-2020-122},
% eprint = {https://keldysh.ru/papers/2020/prep2020_122.pdf},
% url = {https://library.keldysh.ru/preprint.asp?id=2020-122},
annote = {Модели типа диффузной границы широко используются для описания динамики многофазных систем самой разной природы. Обычно дисперсные включения, динамику которых описывает модель, имеют пространственную размерность 3. При описании динамики уединенных трещин элементы дисперсной фазы являются непосредственно трещинами, которые являются эффективно двумерными объектами. Примером модели, в которой включения дисперсной фазы одномерны, является модель динамики развития канала электрического пробоя. Вид модели определяется функцией свободной энергии, зависящей от параметра порядка и его производных. В данной работе показано, что коразмерность диффузного «включения» может существенно ограничивать способ, в соответствии с которым энергия зависит от производных параметра порядка. Показывается, что любая модель, пригодная для описания одномерного «диффузного» объекта, зависит либо от производных высших порядков, либо от накладывает дополнительные ограничения на гладкость решения задачи, которое должно иметь производные с порядком суммирования выше второго. Для подтверждения теоретических предположений приведены результаты численного исследования.},
abstract = {Модели типа диффузной границы широко используются для описания динамики многофазных систем самой разной природы. Обычно дисперсные включения, динамику которых описывает модель, имеют пространственную размерность 3. При описании динамики уединенных трещин элементы дисперсной фазы являются непосредственно трещинами, которые являются эффективно двумерными объектами. Примером модели, в которой включения дисперсной фазы одномерны, является модель динамики развития канала электрического пробоя. Вид модели определяется функцией свободной энергии, зависящей от параметра порядка и его производных. В данной работе показано, что коразмерность диффузного «включения» может существенно ограничивать способ, в соответствии с которым энергия зависит от производных параметра порядка. Показывается, что любая модель, пригодная для описания одномерного «диффузного» объекта, зависит либо от производных высших порядков, либо от накладывает дополнительные ограничения на гладкость решения задачи, которое должно иметь производные с порядком суммирования выше второго. Для подтверждения теоретических предположений приведены результаты численного исследования.}
}

@JOURNAL{experiment_2d,
title = {Численное исследование модели фазового поля для описания развития канала электрического
пробоя в неоднородной среде},
author = {Зипунова, Е.В. and Кулешов, А.А. and Савенков, Е.Б.},
type = {Сибирский журнал индустриальной математики},
year = {2024}
}